<record xmlns="http://www.loc.gov/MARC21/slim" xmlns:xsi="http://www.w3.org/2001/XMLSchema-instance" xsi:schemaLocation="http://www.loc.gov/MARC21/slim http://www.loc.gov/standards/marcxml/schema/MARC21slim.xsd">

  <leader>00639nam a2200169Ia 4500</leader>
  <datafield ind1=" " tag="090" ind2=" ">
    <subfield code="a">CD #205</subfield>
  </datafield>
  <datafield ind1=" " tag="111" ind2=" ">
    <subfield code="a">Congreso de las Instituciones que conforman el Sinetec (2 : 2000 : San José, Costa Rica)</subfield>
  </datafield>
  <datafield ind1=" " ind2=" " tag="245">
    <subfield code="a">II Congreso de las Instituciones que conforman el Sinetec 2000</subfield>
  </datafield>
  <datafield ind1=" " tag="260" ind2=" ">
    <subfield code="a">San José, Costa Rica : </subfield>
    <subfield code="b">Baxter, </subfield>
    <subfield code="c">2000</subfield>
  </datafield>
  <datafield ind1=" " tag="300" ind2=" ">
    <subfield code="a">1 disco compacto</subfield>
  </datafield>
  <datafield ind1=" " tag="650" ind2=" ">
    <subfield code="a">ENSEÑANZA TECNICA</subfield>
  </datafield>
  <datafield ind1=" " ind2=" " tag="650">
    <subfield code="a">COMPETITIVIDAD</subfield>
  </datafield>
  <datafield ind1=" " ind2=" " tag="650">
    <subfield code="a">FORMACION PROFESIONAL</subfield>
  </datafield>
  <datafield tag="650" ind2=" " ind1=" ">
    <subfield code="a">ENSEÑANZA CON AYUDA DE COMPUTADORAS</subfield>
  </datafield>
  <datafield tag="711" ind2=" " ind1=" ">
    <subfield code="a">Congreso de las Instituciones que conforman el Sinetec (2 : 2000 : San José, Costa Rica)</subfield>
  </datafield>
  <datafield ind2=" " tag="942" ind1=" ">
    <subfield code="p">002397 </subfield>
  </datafield>
  <datafield ind2=" " tag="999" ind1=" ">
    <subfield code="c">2470</subfield>
    <subfield code="d">2470</subfield>
  </datafield>
</record>